@article{meijering2002chronology,
    title = {{A chronology of interpolation: from ancient astronomy to modern signal and image processing}},
    author = {{Meijering, Erik}},
    journal = {{Proceedings of the IEEE}},
    volume = {90},
    number = {3},
    pages = {319--342},
    year = {2002},
    publisher = {{IEEE}},
    note = {\url{https://infoscience.epfl.ch/record/63085/files/meijering0201.pdf}}
}

# Binomial theorem

@misc{abramowitz1988handbook,
    title = {{Handbook of mathematical functions with formulas, graphs, and mathematical tables}},
    author = {{Abramowitz, Milton and Stegun, Irene A. and Romer, Robert H.}},
    year = {1988},
    publisher = {American Association of Physics Teachers}
}

# Concrete mathematics

@book{graham1994concrete,
    title = {{Concrete mathematics: A foundation for computer science (second edition)}},
    author = {{Graham, Ronald L. and Knuth, Donald E. and Patashnik, Oren}},
    year = {1994},
    note = {\url {https://archive.org/details/concrete-mathematics}},
    publisher = {{Addison-Wesley Publishing Company, Inc.}}
}

# bernoulli numbers

@book{bateman1953higher,
    title = {{Higher transcendental functions [volumes i-iii]}},
    author = {Bateman, Harry},
    volume = {1},
    year = {1953},
    publisher = {{McGRAW-HILL book company}}
}

# faulhaber's formula

@article{beardon1996sums,
    title = {{Sums of powers of integers}},
    author = {Beardon, Alan F.},
    journal = {{The American mathematical monthly}},
    volume = {103},
    number = {3},
    pages = {201--213},
    year = {1996},
    publisher = {{Taylor \& Francis}},
    note = {\url{https://les-mathematiques.net/vanilla/uploads/editor/5w/3wm5emwr0i7p.pdf}}
}

# An unusual identity for odd powers

@article{unusual_identity_for_odd_powers,
    title = {{106.37 An unusual identity for odd-powers}},
    author = {{Kolosov, Petro}},
    journal = {{The Mathematical Gazette}},
    volume = {106},
    number = {567},
    pages = {509--513},
    year = {2022},
    publisher = {{Cambridge University Press}},
    note = {\url{https://doi.org/10.1017/mag.2022.129}},
}

# Max ALekseyev's answer MO

@misc{alekseyev2018mathoverflow,
    title = {{MathOverflow answer 297916/113033}},
    author = {{Alekseyev, Max}},
    journal = {{MathOverflow https://mathoverflow.net/a/297916/113033}},
    number = {297916/113033},
    note = {\url{https://mathoverflow.net/a/297916/113033}},
    year = {2018}
}

# Proof of binomial identity Scheuer, Markus

@misc{scheuer2023mathstackexchange,
    title = {{MathStackExchange answer 4724343/463487}},
    author = {{Scheuer, Markus}},
    journal = {{MathStackExchange https://math.stackexchange.com/a/4724343/463487}},
    number = {{4724343/463487}},
    note = {\url{https://math.stackexchange.com/a/4724343/463487}},
    year = {2023}
}

# Albert Tkaczyk articles works: BEGIN

@misc{tkaczyk2018problem,
    title = {{About the problem of a triangle developing the polynomial function}},
    author = {{Tkaczyk, Albert}},
    journal = {{LinkedIn}},
    note = "Published electronically at \href{https://www.linkedin.com/pulse/problem-triangle-developing-polynomial-function-fn-nm-albert-tkaczyk/}{\texttt{LinkedIn}}",
    year = {2018}
}

@misc{tkaczyk2018continuation,
    title = {{On the problem of a triangle developing the polynomial function - continuation}},
    author = {{Tkaczyk, Albert}},
    journal = {{LinkedIn}},
    howpublished = "Published electronically at \href{https://www.linkedin.com/pulse/problem-triangle-developing-polynomial-function-f-n-m-albert-tkaczyk/}{\texttt{LinkedIn}}",
    year = {2018}
}

@misc{albert_tkaczyk_2023_8371454,
    author = {Albert Tkaczyk},
    title = {{On three-dimensional expansions of the polynomial function f(n)=n\^m}},
    month = sep,
    year = 2023,
    publisher = {Zenodo},
    version = 4,
    doi = {10.5281/zenodo.8371454},
    url = {https://doi.org/10.5281/zenodo.8371454},
    note = {\url{https://doi.org/10.5281/zenodo.8371454}}
}

# Albert Tkaczyk articles works: END

# OEIS sequences: BEGIN

@misc{oeis_numerical_triangle_row_sums_give_cubes,
    title = {{Numerical triangle, row sums give third power, Entry A287326 in The On-Line Encyclopedia of Integer Sequences}},
    author = {Kolosov, Petro},
    journal = {{The On-Line Encyclopedia of Integer Sequences}},
    number = {A287326},
    note = {\url{https://oeis.org/A287326}},
    year = {2017}
}

@misc{oeis_numerical_triangle_row_sums_give_fifth_powers,
    title = {{Numerical triangle, row sums give fifth power, Entry A300656 in The On-Line Encyclopedia of Integer Sequences}},
    author = {Kolosov, Petro},
    journal = {{The On-Line Encyclopedia of Integer Sequences}},
    number = {A300656},
    note = {\url{https://oeis.org/A300656}},
    year = {2018}
}

@misc{oeis_numerical_triangle_row_sums_give_seventh_powers,
    title = {{Numerical triangle, row sums give seventh power, Entry A300785 in The On-Line Encyclopedia of Integer Sequences}},
    author = {Kolosov, Petro},
    journal = {{The On-Line Encyclopedia of Integer Sequences}},
    number = {A300785},
    note = {\url{https://oeis.org/A300785}},
    year = {2018}
}

@misc{oeis_numerators_of_the_coefficient_a_m_r,
    title = {{Entry A302971 in The On-Line Encyclopedia of Integer Sequences}},
    author = {Kolosov, Petro},
    journal = {{The On-Line Encyclopedia of Integer Sequences}},
    number = {A302971},
    note = {\url{https://oeis.org/A302971}},
    year = {2018}
}

@misc{oeis_denominators_of_the_coefficient_a_m_r,
    title = {{Entry A304042 in The On-Line Encyclopedia of Integer Sequences}},
    author = {Kolosov, Petro},
    journal = {{The On-Line Encyclopedia of Integer Sequences}},
    number = {A304042},
    note = {\url{https://oeis.org/A304042}},
    year = {2018}
}

@misc{oeis_coefficients_u_m_l_k_defined_by_polynomial_identity_1,
    title = {{The coefficients U(m, l, k), m = 1 defined by the polynomial identity}},
    author = {Kolosov, Petro},
    journal = {{The On-Line Encyclopedia of Integer Sequences}},
    number = {A320047},
    year = {2018},
    note = {\url{https://oeis.org/A320047}}
}

@misc{oeis_coefficients_u_m_l_k_defined_by_polynomial_identity_2,
    title = {{The coefficients U(m, l, k), m = 2 defined by the polynomial identity}},
    author = {Kolosov, Petro},
    journal = {{The On-Line Encyclopedia of Integer Sequences}},
    number = {A316349},
    year = {2018},
    note = {\url{https://oeis.org/A316349}}
}

@misc{oeis_coefficients_u_m_l_k_defined_by_polynomial_identity_3,
    title = {{The coefficients U(m, l, k), m = 3 defined by the polynomial identity}},
    author = {Kolosov, Petro},
    journal = {{The On-Line Encyclopedia of Integer Sequences}},
    number = {A316387},
    year = {2018},
    note = {\url{https://oeis.org/A316387}}
}

# OEIS sequences: END

# My works: BEGIN

@misc{polynomial_identity_with_binomial_theorem_and_faulhabers_formula,
    title = {{Polynomial identity involving Binomial Theorem and Faulhaber's formula}},
    author = {Kolosov, Petro},
    journal = {Figshare},
    number = {https://doi.org/10.6084/m9.figshare.2386},
    note = {\url{https://kolosovpetro.github.io/pdf/PolynomialIdentityInvolvingBTandFaulhaber.pdf}},
    year = {2023}
}

@article{on_the_link_between_binomial_theorem_and_discrete_convolution,
    title = {{On the link between binomial theorem and discrete convolution}},
    author = {{Kolosov, Petro}},
    journal = {{arXiv preprint arXiv:1603.02468}},
    year = {2016},
    note = {\url{https://arxiv.org/abs/1603.02468}}
}

@article{another_approach_to_get_derivative_of_odd_power,
    title = {Another approach to get derivative of odd-power},
    author = {Kolosov, Petro},
    journal = {arXiv preprint arXiv:2310.07804},
    year = {2023},
    note = {\url{https://arxiv.org/abs/2310.07804}},
}

@article{study_on_partial_dynamic_eq_on_time_scales_with_poly_derivatives,
    title = {A study on partial dynamic equation on time scales involving derivatives of polynomials},
    author = {Kolosov, Petro},
    journal = {arXiv preprint arXiv:1608.00801},
    year = {2016},
    note = {\url{https://arxiv.org/abs/1608.00801}},
}

@article{derivative_of_polynomials_via_double_limit,
    title = {Finding the derivative of polynomials via double limit},
    author = {Kolosov, Petro},
    journal = {GitHub},
    note = {\url{https://kolosovpetro.github.io/pdf/FindingTheDerivativeOfPolynomialsViaDoubleLimit.pdf}},
    year = {2024}
}

# My works: END

@article{barbero2020two,
    title = {{A two-sided Faulhaber-like formula involving Bernoulli polynomials}},
    author = {Barbero G., J. Fernando and Margalef-Bentabol, Juan and Villase{\~n}or, Eduardo J.S.},
    journal = {Comptes Rendus. Math{\'e}matique},
    volume = {358},
    number = {1},
    pages = {41--44},
    year = {2020},
    note = {\url{https://doi.org/10.5802/crmath.10}}
}
